@PROCEEDINGS{continuous_blog,
title = {Continuous Delivery},
year = {2013},
editor = {Humble, Jez and Farley, David},
note = {http://continuousdelivery.com},
month = {September}
},



@book{continuous_dev,
	address = {Upper Saddle River, {NJ} [u.a.]},
	title = {Continuous delivery: reliable software releases through build, test, and deployment automation},
	isbn = {9780321601919 0321601912},
	shorttitle = {Continuous delivery},
	language = {English},
	publisher = {Addison-Wesley},
	author = {Humble, Jez and Farley, David},
	year = {2011}
},

@book{continuous_int,
	address = {Heidelberg},
	title = {Continuous Integration mit Hudson: Grundlagen und Praxiswissen für Einsteiger und Umsteiger},
	isbn = {9783898646901 3898646904},
	shorttitle = {Continuous Integration mit Hudson},
	language = {German},
	publisher = {dpunkt-Verl.},
	author = {Wiest, Simon Georg},
	year = {2011}
},

@book{burtch_linux_2004,
	address = {Indianapolis, Ind.},
	title = {Linux shell scripting with Bash: a comprehensive guide and reference für Linux users and administrators},
	isbn = {0672326426 9780672326424},
	shorttitle = {Linux shell scripting with Bash},
	language = {German},
	publisher = {Sams},
	author = {Burtch, Ken O},
	year = {2004}
},

@book{shell-programmierung,
	address = {Bonn},
	title = {Shell-Programmierung: [das umfassende Handbuch ; {CD-ROM} mit Openbooks zu Linux und C]},
	isbn = {9783836216500 3836216507},
	shorttitle = {Shell-Programmierung},
	language = {German},
	publisher = {Galileo Press},
	author = {Wolf, Jürgen},
	year = {2010}
},
@book{systemprogrammierung_2011,
	title = {Systemprogrammierung in {UNIX} / Linux: Grundlegende Betriebssystemkonzepte und Praxisorientierte Anwendungen},
	isbn = {9783834882776},
	shorttitle = {Systemprogrammierung in {UNIX} / Linux},
	abstract = {{UNIX} / Linux spielt heute in der Praxis eingesetzter Systemplattformen eine entscheidende Rolle. In diesem Buch finden Sie einen schnellen Einstieg in die Systemprogrammierung. Neben Grundlagen und Konzepten lernen Sie die wesentlichen Systemaufrufe kennen. Sie erfahren, wie {UNIX} / Linux aufgebaut ist und wie man die Standardbausteine verwendet, um eigene Systemprogramme zu erstellen. Hierzu gehören Script-Programmierung, {UNIX-Prozesse}, Interprozess-Kommunikation und Synchronisation, {UNIX-Dateisystem}, Verteilte Systeme, Scheduling und Speicherverwaltung. Die Konzepte werden an Hand von Anwendungsszenarien und lauffähigen Code-Beispielen erläutert und vertieft, so dass Sie nicht nur die Grundlagen verstehen lernen, sondern insbesondere ihr Einsatzpotenzial für die Praxis beurteilen können. Das Buch ist sowohl zum Selbststudium geeignet als auch in der Lehre und Ausbildung einsetzbar. Einen didaktisch aufbereiteten Satz von Kursunterlagen sowie die Quellcodes für alle Beispiele finden Sie im {OnlinePLUS-Service.}},
	language = {de},
	publisher = {Springer {DE}},
	author = {Ehses, Erich and Köhler, Lutz and Riemer, Petra and Stenzel, Horst and Victor, Frank},
	month = oct,
	year = {2011},
	keywords = {Computers / Programming Languages / General}
},

@misc{SAP,
	author = {SAP},
	title = {{TwoGo by {SAP} fördert aktiv Nutzung von Fahrgemeinschaften und schafft neue Kommmunikationswege im Unternehmen}},
	moth = jan,
	year = {2013},
	note = {Abgerufen am 18.10.2013},
	howpublished = {\url{http://www.sap.com/corporate-de/news.epx?pressid=20799}},
	
	
}

@misc{silicon,
	author = { Martin Schindler},
	title = {{SAP erleichtert Fahrgemeinschaften für Unternehmen}},
	howpublished = {\url{http://www.silicon.de/41583318/sap-erleichtert-fahrgemeinschaften-fur-unternehmen/}},
	abstract = {Mit der neuen App {TwoGo} versucht {SAP} Angestellte in Unternehmen bei der Gründung von Fahrgemeinschaften zu unterstützen.},
	day = {29},
	moth = April,
	year = {2013},
	urldate = {2013-10-08},
	journal = {silicon.de},
	note = {Abgerufen am 18.10.2013},
	file = {Snapshot:C:\Users\D059372\AppData\Roaming\Mozilla\Firefox\Profiles\n6v943vc.default\zotero\storage\GHXSIX9M\sap-erleichtert-fahrgemeinschaften-fur-unternehmen.html:text/html}
},

@misc{sap-2012-geschaeftsbericht.pdf,
	author = {{SAP AG}},
	title = {{SAP Geschäftsbericht 2012}},
	howpublished = {\url{http://www.sap.com/corporate-de/investors/pdf/SAP-2012-Geschaeftsbericht.pdf}},
	year = {2013},
	month = {03},
	day = {21},
	urldate = {2013-03-21},
	date = {2013-10-08},
	note = {Abgerufen am 18.10.2013},
	file = {SAP-2012-Geschaeftsbericht.pdf:C:\Users\D059372\AppData\Roaming\Mozilla\Firefox\Profiles\n6v943vc.default\zotero\storage\RFRB6ZFG\SAP-2012-Geschaeftsbericht.pdf:application/pdf}

},




@book{swartout_continuous_2012,
	address = {Birmingham},
	title = {Continuous Delivery and {DevOps} a Quickstart guide.},
	isbn = {9781849693691 1849693692},
	abstract = {Continuous delivery and Devops explained.},
	language = {English},
	urldate = {2013-10-08},
	publisher = {Packt Pub.},
	author = {Swartout, Paul},
	year = {2012}
},
@misc{carpooling,
	title = {Germany's Carpooling.com Proves Rideshare Works},
	author = {Jennifer Hicks},
	howpublished = {\url{http://www.forbes.com/sites/jenniferhicks/2012/06/08/germanys-carpooling-com-proves-rideshare-works/}},
	abstract = {{VideoThe} first successful, yet short-lived rideshare network was 1914. Known as the Jitney Craze, it came on the heels of the recession caused by World War I. According to Massachusetts Institute of Technology Real Time Ride Share Research program, a few Model T owners in Los Angeles started to pickup [...]},
	urldate = {2013-10-09},
	year = {2012},
	month = {08},
	day = {06},
	journal = {Forbes},
	keywords = {Business, carpooling, carpooling.com, Eyjafjallajökull, Lifestyle, Logistics \& Transportation, Logistics Transportation, Mobile, pollution, rideshare, savings, Tech, Transportation, Travel},
	note = {Abgerufen am 18.10.2013},
	file = {Snapshot:C:\Users\D059372\AppData\Roaming\Mozilla\Firefox\Profiles\n6v943vc.default\zotero\storage\K2HE5DX2\germanys-carpooling-com-proves-rideshare-works.html:text/html}
},
@misc{Fowler_CI,
	title = {Continuous Integration},
	howpublished = {\url{http://www.martinfowler.com/articles/continuousIntegration.html}},
	urldate = {2013-10-18},
	year = {2006},
		month = {05},
		day = {01},
	author = {Martin Fowler},
	note = {Abgerufen am 18.10.2013},
	file = {Snapshot:C:\Users\D059372\AppData\Roaming\Mozilla\Firefox\Profiles\n6v943vc.default\zotero\storage\XMRJDGXA\continuousIntegration.html:text/html}
},
@BOOK{Kniberg2010,
	AUTHOR = {Kniberg, Henrik AND Skarin, Mattias},
	YEAR = {2010},
	TITLE = {Kanban and Scrum - Making the Most of Both},
	EDITION = {},
	ISBN = {978-0-557-13832-6},
	PUBLISHER = {Lulu Enterprises Incorporated},
	ADDRESS = {},
},
@misc{danny_java_????,
	title = {Java™ Servlet Specification Version 2.4},
	howpublished = {\url{http://download.oracle.com/otn-pub/jcp/servlet-2.4-fr-spec-oth-JSpec/servlet-2_4-fr-spec.pdf?AuthParam=1382621969_6c50eea3ae4a5471c72853feb0de8311}},
	urldate = {2013-10-24},
	year = {2003},
			month = {11},
			day = {24},
	author = {Danny, Coward and Yutaka, Yoshida},
	note = {Abgerufen am 24.10.2023},
	file = {servlet-2_4-fr-spec.pdf:C:\Users\D059372\AppData\Roaming\Mozilla\Firefox\Profiles\n6v943vc.default\zotero\storage\ST728G6R\servlet-2_4-fr-spec.pdf:application/pdf}
},
@misc{Umfrage_OS,
	title = {Welches Betriebssystem haben Sie auf Ihrem Computer installiert?},
	year = {2011},
	month = {03},
	author = {Fittkau and Maaß},
	note = {Umfrage in Anhang Abschnitt A},

},
@misc{wiki,
	title = {{Internes TwoGo Wikipedia}},
	year = {2013},
	month = {10},
	author = {TwoGo},
	urldate = {2013-10-17},
	note = {Befindet sich in Anhang Abschnitt B},
	


},


